@article{arita2013gene,
  title={Gene expression profiles in peripheral blood mononuclear cells of Chinese nickel refinery workers with high exposures to nickel and control subjects},
  author={Arita, Adriana and Mu{\~n}oz, Alexandra and Chervona, Yana and Niu, Jingping and Qu, Qingshan and Zhao, Najuan and Ruan, Ye and Kiok, Kathrin and Kluz, Thomas and Sun, Hong and others},
  journal={Cancer Epidemiology Biomarkers \& Prevention},
  volume={22},
  number={2},
  pages={261--269},
  year={2013},
  publisher={AACR}
}

@article{chen2009alterations,
  title={Alterations of global gene expression by cigarette smoke},
  author={Chen, J and others},
  journal={PLoS One},
  volume={4},
  number={8},
  year={2009}
}

@article{cole2011transcript,
  title={Transcript origin analysis identifies antigen-presenting cells as primary targets of socially regulated gene expression in leukocytes},
  author={Cole, Steven W and Hawkley, Louise C and Arevalo, Jesusa MG and Cacioppo, John T},
  journal={Proceedings of the National Academy of Sciences},
  volume={108},
  number={7},
  pages={3080--3085},
  year={2011},
  publisher={National Acad Sciences}
}

@article{friedman2010regularization,
  title={Regularization paths for generalized linear models via coordinate descent},
  author={Friedman, Jerome and Hastie, Trevor and Tibshirani, Rob},
  journal={Journal of statistical software},
  volume={33},
  number={1},
  pages={1},
  year={2010},
  publisher={NIH Public Access}
}

@article{ledell2015computationally,
  title={Computationally efficient confidence intervals for cross-validated area under the ROC curve estimates},
  author={LeDell, Erin and Petersen, Maya and van der Laan, Mark},
  journal={Electronic journal of statistics},
  volume={9},
  number={1},
  pages={1583},
  year={2015},
  publisher={NIH Public Access}
}

@article{masud2012gene,
  title={Gene expression profiling of peripheral blood mononuclear cells in the setting of peripheral arterial disease.},
  author={Masud, Rizwan and Shameer, Khader and Dhar, Aparna and Ding, Keyue and Kullo, Iftikhar J},
  journal={J. Clinical Bioinformatics},
  volume={2},
  number={6},
  year={2012}
}

@article{munoz2015sex,
  title={Sex-specific patterns and deregulation of endocrine pathways in the gene expression profiles of Bangladeshi adults exposed to arsenic contaminated drinking water},
  author={Mu{\~n}oz, Alexandra and Chervona, Yana and Hall, Megan and Kluz, Thomas and Gamble, Mary V and Costa, Max},
  journal={Toxicology and applied pharmacology},
  volume={284},
  number={3},
  pages={330--338},
  year={2015},
  publisher={Elsevier}
}

@article{smythe2004linear,
  title={Linear models and empirical Bayes methods for assessing differential expression in microarray experiments},
  author={Smyth, Gordon K.},
  journal={Statistical Applications in Genetics and Molecular Biology},
  volume={3},
  number={1},
  year={2004}
}

@article{teixeira2009transcriptome,
  title={Transcriptome analysis describing new immunity and defense genes in peripheral blood mononuclear cells of rheumatoid arthritis patients},
  author={Teixeira, Vitor Hugo and Olaso, Robert and Martin-Magniette, Marie-Laure and Lasbleiz, Sandra and Jacq, Laurent and Oliveira, Catarina Resende and Hilliquin, Pascal and Gut, Ivo and Cornelis, Fran{\c{c}}ois and Petit-Teixeira, Elisabeth},
  journal={PLoS One},
  volume={4},
  number={8},
  pages={e6803},
  year={2009},
  publisher={Public Library of Science}
}
